@inproceedings{abujabal2017a,
  author = {Abujabal, A. and Yahya, M. and Riedewald, M. and Weikum, G.},
  date = {2017},
  title = {Automated template generation for question answering over knowledge graphs},
  booktitle = {Proceedings of the 26th international conference on world wide web},
  pages = {1191–1200},
  language = {en}
}
@inproceedings{aggarwal2012a,
  author = {Aggarwal, N. and Buitelaar, P.},
  date = {2012},
  title = {A system description of natural language query over dbpedia. In: Proceedings of interacting with linked data},
  language = {en},
  address = {ILD}
}
@article{allam2012a,
  author = {Allam, A.M. and Haggag, M.H.},
  date = {2012},
  title = {The question answering systems: a survey},
  journal = {Int J Res Rev Inf Sci},
  volume = {(IJRRIS)},
  pages = {2–3},
  language = {en}
}
@misc{atzori2016a,
  author = {Atzori, M. and Mazzeo, G. and Zaniolo, C.},
  date = {2016},
  title = {QA3@QALD-6: Statistical Question Answering over RDF cubes},
  note = {In: ESWC. to appear},
  language = {en}
}
@inproceedings{bao2014a,
  author = {Bao, J. and Duan, N. and Zhou, M. and Zhao, T.},
  date = {2014},
  title = {Knowledge-based question answering as machine translation},
  booktitle = {Proceedings of the 52nd annual meeting of the association for computational linguistics},
  volume = {1},
  pages = {967–976},
  unmatched-booktitle = {Association for Computational Linguistics,},
  language = {en},
  address = {Baltimore}
}
@inproceedings{bast2015a,
  author = {Bast, H. and Haussmann, E.},
  date = {2015},
  title = {More accurate question answering on freebase},
  booktitle = {Proceedings of the 24th ACM international on conference on information and knowledge management, ACM},
  language = {en}
}
@misc{baudi2015a,
  author = {},
  date = {2015},
  title = {QALD challenge and the YodaQA system: prototype notes},
  language = {nl}
}
@book{beaumont2015a,
  author = {Beaumont, R. and Grau, B. and Ligozat, A.-L.},
  date = {2015},
  title = {SemGraphQA@QALD-5: LIMSI participation at QALD-5@CLEF. In: Working notes for CLEF 2015 conference},
  publisher = {CLEF},
  language = {en}
}
@book{berant2013a,
  author = {Berant, J. and Chou, A. and Frostig, R. and Liang, P.},
  date = {2013},
  title = {Semantic parsing on freebase from question-answer pairs},
  publisher = {EMNLP},
  language = {en},
  address = {In}
}
@misc{berant2014a,
  author = {Berant, J. and Liang, P.},
  date = {2014},
  note = {Semantic parsing via paraphrasing. In: ACL (1}
}
@article{berant2015a,
  author = {Berant, J. and Liang, P.},
  date = {2015},
  title = {Imitation learning of agenda-based semantic parsers},
  journal = {Trans Assoc Comput Linguist},
  volume = {3},
  pages = {545–558},
  language = {en}
}
@misc{bordes2014a,
  author = {Bordes, A. and Chopra, S. and Weston, J.},
  date = {2014},
  title = {Question answering with subgraph embeddings},
  note = {arXiv preprint arXiv:1406.3676},
  language = {en}
}
@misc{bordes2015a,
  author = {Bordes, A. and N., Usunier and Chopra, S. and Weston, J.},
  date = {2015},
  title = {Large-scale simple question answering with memory networks},
  note = {arXiv preprint arXiv:1506.02075},
  language = {en}
}
@incollection{both2016a,
  author = {Both, A. and Diefenbach, D. and Singh, K. and Shekarpour, S. and Cherix, D. and Lange, C.},
  date = {2016},
  title = {Qanary–a methodology for vocabulary-driven open question answering systems},
  booktitle = {International semantic web conference},
  publisher = {Springer},
  language = {en}
}
@inproceedings{cabrio2012a,
  author = {Cabrio, E. and Cojan, J. and Aprosio, A.P. and Magnini, B. and Lavelli, A. and Gandon, F.},
  date = {2012},
  title = {QAKiS: an open domain QA system based on relational patterns},
  booktitle = {Proceedings of the 2012th international conference on posters & demonstrations track-volume 914, CEUR-WS. org},
  language = {en}
}
@incollection{cimiano2013a,
  author = {Cimiano, P. and Lopez, V. and Unger, C.},
  title = {Cabrio E, Ngomo A-CN},
  publisher = {Walter S},
  date = {2013},
  source = {Multilingual question answering over linked data (qald-3): Lab overview. In: Information access evaluation. Multilinguality, multimodality, and visualization},
  unmatched-publisher = {Springer},
  language = {es}
}
@book{cimiano2009a,
  author = {Cimiano, P. and Minock, M.},
  date = {2009},
  title = {Natural language interfaces: what is the problem?-a data-driven quantitative analysis},
  publisher = {NLDB, Springer},
  pages = {192–206},
  language = {da},
  address = {In}
}
@misc{clarke2015a,
  author = {Clarke, D.},
  date = {2015},
  title = {Simple, fast semantic parsing with a tensor kernel},
  note = {arXiv preprint arXiv:1507.00639},
  language = {en}
}
@inproceedings{cunningham2002a,
  author = {Cunningham, H. and Maynard, D. and Bontcheva, K. and Tablan, V.},
  date = {2002},
  title = {GATE: a framework and graphical development environment for robust NLP tools and applications},
  booktitle = {Proceedings of the 40th anniversary meeting of the association for computational linguistics (ACL’02)},
  language = {en}
}
@misc{dai2016a,
  author = {Dai, Z. and Li, L. and Xu, W.},
  date = {2016},
  title = {, ‘Cfo: Conditional focused neural question answering with large-scale knowledge bases},
  note = {arXiv preprint arXiv:1606.01994},
  language = {en}
}
@inproceedings{daiber2013a,
  author = {Daiber, J. and Jakob, M. and Hokamp, C. and Mendes, P.N.},
  date = {2013},
  title = {Improving efficiency and accuracy in multilingual entity extraction},
  booktitle = {Proceedings of the 9th international conference on semantic systems, ACM},
  language = {en}
}
@book{damljanovic2010a,
  author = {Damljanovic, D. and Agatonovic, M. and Cunningham, H.},
  date = {2010},
  title = {Identification of the question focus: combining syntactic analysis and ontology-based lookup through the user interaction},
  publisher = {LREC},
  language = {en},
  address = {In}
}
@book{damljanovic2012a,
  author = {Damljanovic, D. and Agatonovic, M. and Cunningham, H.},
  date = {2012},
  title = {FREyA: an interactive way of querying linked data using natural language. In: The semantic web: ESWC},
  publisher = {Springer},
  language = {en}
}
@book{diefenbach2017a,
  author = {Diefenbach, D. and Amjad, S. and Both, A. and Singh, K. and Maret, P.},
  date = {2017},
  title = {Trill: a reusable front-end for qa systems},
  publisher = {ESWC P&D},
  language = {no},
  address = {In}
}
@book{diefenbach2017b,
  author = {Diefenbach, D. and Singh, K. and Both, A. and Cherix, D. and Lange, C. and Auer, S.},
  date = {2017},
  title = {The qanary ecosystem: getting new insights by composing question answering pipelines},
  publisher = {ICWE},
  language = {en},
  address = {In}
}
@inproceedings{dima2013a,
  author = {Dima, C.},
  date = {2013},
  title = {Intui2: a prototype system for question answering over linked data. In: Proceedings of the question answering over linked data lab},
  note = {QALD-3) at CLEF},
  language = {nl}
}
@incollection{dima2014a,
  author = {Dima, C.},
  date = {2014},
  title = {Answering natural language questions with Intui3},
  booktitle = {Conference and labs of the evaluation forum (CLEF)},
  language = {en}
}
@misc{dong2015a,
  author = {Dong, L. and Wei, F. and Zhou, M. and Xu, K.},
  date = {2015},
  title = {Question answering over freebase with multi-column convolutional neural networks},
  note = {In: ACL (1},
  language = {en}
}
@incollection{dwivedi2013a,
  author = {Dwivedi, S.K. and Singh, V.},
  date = {2013},
  booktitle = {Research and reviews in question answering system. Proc Technol 10:417–424CrossRef},
  language = {en}
}
@inproceedings{fader2011a,
  author = {Fader, A. and Soderland, S. and Etzioni, O.},
  date = {2011},
  title = {Identifying relations for open information extraction},
  booktitle = {Proceedings of the conference on empirical methods in natural language processing, association for computational linguistics},
  language = {en}
}
@incollection{fader2013a,
  author = {Fader, A. and Zettlemoyer, L.S. and Etzioni, O.},
  date = {2013},
  title = {Paraphrase-driven learning for open question answering},
  booktitle = {ACL (1), Citeseer},
  language = {en}
}
@misc{ferrandez2011a,
  author = {Ferrandez, O. and Spurk, C. and Kouylekov, M. and Dornescu, I. and Ferrandez, S. and Negri, M. and Izquierdo, R. and Tomas, D. and Orasan, C. and Neumann, G.},
  date = {2011},
  title = {The QALL-ME framework: a specifiable-domain multilingual question answering architecture. Web Semant Sci Serv Agents},
  note = {World Wide Web 9(2):137–145CrossRef},
  more-authors = {true},
  language = {en}
}
@misc{ferr2013a,
  author = {Ferré, S.},
  date = {2013},
  title = {squall2sparql: a Translator from Controlled English to Full SPARQL 1.1. In: Work. Multilingual question answering over},
  note = {linked data (QALD-3},
  language = {en}
}
@article{ferr2017a,
  author = {Ferré, S.},
  date = {2017},
  title = {Sparklis: an expressive query builder for sparql endpoints with guidance in natural language},
  journal = {Semant Web},
  volume = {3},
  number = {405–418},
  language = {en}
}
@inproceedings{freitas2014a,
  author = {Freitas, A. and Curry, E.},
  date = {2014},
  title = {Natural language queries over heterogeneous linked data graphs: a distributional-compositional semantics approach},
  booktitle = {Proceedings of the 19th international conference on intelligent user interfaces, ACM},
  language = {en}
}
@article{freitas2012a,
  author = {Freitas, A. and Curry, E. and Oliveira, J.G. and O’Riain, S.},
  date = {2012},
  title = {Querying heterogeneous datasets on the linked data web: challenges, approaches, and trends},
  journal = {IEEE Internet Comput},
  volume = {1},
  doi = {doi: 10.1109/MIC.2011.141},
  number = {24–33},
  language = {nl}
}
@inproceedings{freitas2015a,
  author = {Freitas, A. and Efson Sales, J. and Handschuh, S. and Curry, E.},
  date = {2015},
  title = {How hard is this query? Measuring the semantic complexity of schema-agnostic queries},
  booktitle = {Proceedings of the 11th international conference on computational semantics, association for computational linguistics},
  language = {en},
  address = {London, UK}
}
@incollection{gerber2011a,
  author = {Gerber, D. and Ngomo, A.-C.N.},
  date = {2011},
  title = {Bootstrapping the linked data web},
  booktitle = {1st workshop on web scale knowledge extraction@ ISWC},
  volume = {Vol.},
  language = {en}
}
@inproceedings{giannone2013a,
  author = {Giannone, C. and Bellomaria, V. and Basili, R.},
  date = {2013},
  title = {A HMM-based approach to question answering against linked data. In: Proceedings of the question answering over linked data},
  note = {lab (QALD-3) at CLEF},
  language = {en}
}
@misc{golub2016a,
  author = {Golub, D. and He, X.},
  date = {2016},
  title = {Character-level question answering with attention, arXiv preprint arXiv:1604.00727},
  language = {en}
}
@misc{google2016a,
  author = {Google},
  date = {2016},
  title = {Freebase data dumps},
  url = {https://developers.google.com/freebase/data},
  language = {fr}
}
@incollection{hakimov2015a,
  author = {Hakimov, S. and Unger, C. and Walter, S. and Cimiano, P.},
  date = {2015},
  title = {Applying semantic parsing to question answering over linked data: addressing the lexical gap},
  booktitle = {Natural language processing and information systems},
  publisher = {Springer},
  language = {en}
}
@book{hamon2014a,
  author = {Hamon, T. and Grabar, N. and Mougin, F. and Thiessard, F.},
  date = {2014},
  title = {Description of the POMELO System for the Task 2 of QALD-2014},
  publisher = {CLEF (Working Notes},
  language = {en},
  address = {In}
}
@inproceedings{he2014a,
  author = {He, S. and Zhang, Y. and Liu, K. and Zhao, J.},
  date = {2014},
  title = {CASIA@ V2: a MLN-based question answering system over linked data},
  booktitle = {Proceedings of QALD-4},
  language = {nl}
}
@inproceedings{hoeffner2016a,
  author = {Höffner, K. and Lehmann, J. and Usbeck, R.},
  date = {2016-10-17},
  title = {CubeQA—Question Answering on RDF Data Cubes. In: Groth P, Simperl E, Gray A, Sabou},
  editor = {M, Krötzsch M. and F, Lecue and F, Flöck and Y, Gil},
  booktitle = {The Semantic Web—ISWC 2016: 15th International Semantic Web Conference},
  publisher = {Springer},
  pages = "pp 325–340." # "10.1007/978-3-319-46523-4_20",
  doi = {doi},
  unmatched-booktitle = {Proceedings, Part I.},
  unmatched-pages = {10.1007/978-3-319-46523-4_20},
  language = {en},
  address = {Kobe, Japan}
}
@book{hoeffner-a,
  author = {Höffner, K. and Walter, S. and Marx, E. and Usbeck, R. and Lehmann, J.},
  title = {Ngonga Ngomo A-C (2016) Survey on challenges of question answering in the semantic web},
  publisher = {Semant Web J},
  language = {en}
}
@inproceedings{jain2016a,
  author = {Jain, S.},
  date = {2016},
  title = {Question answering over knowledge base using factual memory networks},
  booktitle = {Proceedings of NAACL-HLT},
  language = {nl}
}
@misc{joris2013a,
  author = {Joris, G. and Ferré, S.},
  date = {2013},
  title = {Scalewelis: a scalable query-based faceted search system on top of sparql endpoints. In: Work. Multilingual question answering over},
  note = {linked data (QALD-3},
  language = {en}
}
@article{kolomiyets2011a,
  author = {Kolomiyets, O. and Moens, M.-F.},
  date = {2011},
  title = {A survey on question answering technology from an information retrieval perspective},
  journal = {Inf Sci},
  volume = {24},
  number = {5412–5434},
  language = {en}
}
@article{lopez2012a,
  author = {Lopez, V. and Fernández, M. and Motta, E. and Stieler, N.},
  date = {2012},
  title = {Poweraqua: supporting users in querying and exploring the semantic web},
  journal = {Semant Web},
  volume = {3},
  number = {249–265},
  language = {en}
}
@incollection{lopez2016a,
  author = {Lopez, V. and Tommasi, P. and Kotoulas, S. and Wu, J.},
  date = {2016},
  title = {Queriodali: question answering over dynamic and linked knowledge graphs},
  booktitle = {International semantic web conference},
  publisher = {Springer},
  pages = {363–382},
  language = {en}
}
@article{lopez2013a,
  author = {Lopez, V. and Unger, C. and Cimiano, P. and Motta, E.},
  date = {2013},
  title = {Evaluating question answering over linked data. Web Semant Sci Serv Agents World Wide},
  journal = {Web},
  volume = {21},
  pages = {3–13},
  doi = {doi: 10.1016/j.websem.2013.05.006},
  language = {en}
}
@misc{lopez2007a,
  author = {Lopez, V. and Uren, V. and Motta, E. and Pasin, M.},
  date = {2007},
  title = {Aqualog: an ontology-driven question answering system for organizational semantic intranets. Web Semant Sci Serv Agents},
  note = {World Wide Web 5(2):72–105CrossRef},
  language = {fr}
}
@article{lopez2011a,
  editor = {Lopez, V. and Uren, V. and Sabou, M. and Motta, E.},
  date = {2011},
  title = {Is question answering fit for the semantic web? a survey},
  journal = {Semant Web},
  volume = {2},
  number = {125–155},
  language = {en}
}
@inproceedings{lukovnikov2017a,
  author = {Lukovnikov, D. and Fischer, A. and Lehmann, J. and Auer, S.},
  date = {2017},
  title = {Neural network-based question answering over knowledge graphs on word and character level},
  booktitle = {Proceedings of the 26th international conference on world wide web, international world wide web conferences steering committee},
  pages = {1211–1220},
  language = {en}
}
@inproceedings{mahendra2011a,
  author = {Mahendra, R. and Wanzare, L. and Bernardi, R. and Lavelli, A. and Magnini, B.},
  date = {2011},
  title = {Acquiring relational patterns from wikipedia: a case study},
  booktitle = {Proceedings of the 5th language and technology conference},
  language = {en}
}
@article{marginean2017a,
  author = {Marginean, A.},
  date = {2017},
  title = {Question answering over biomedical linked data with grammatical framework},
  journal = {Semant Web},
  volume = {4},
  number = {565–580},
  language = {en}
}
@inproceedings{marx2014a,
  author = {Marx, E. and Usbeck, R. and Ngomo, A.-C.N. and Höffner, K. and Lehmann, J. and Auer, S.},
  date = {2014},
  title = {Towards an open question answering architecture},
  booktitle = {Proceedings of the 10th international conference on semantic systems, ACM},
  language = {en}
}
@misc{mazzeo2016a,
  author = {Mazzeo, G.M. and Zaniolo, C.},
  date = {2016},
  title = {Answering controlled natural language questions on RDF knowledge bases EDBT},
  pages = {608–611},
  language = {it}
}
@inproceedings{nakashole2012a,
  author = {Nakashole, N. and Weikum, G. and Suchanek, F.},
  date = {2012},
  title = {PATTY: a taxonomy of relational patterns with semantic types},
  booktitle = {Proceedings of the 2012 joint conference on empirical methods in natural language processing and computational natural language learning, association for computational linguistics},
  language = {en}
}
@book{park2014a,
  author = {Park, S. and Shim, H. and Lee, G.G.},
  date = {2014},
  title = {ISOFT at QALD-4: semantic similarity-based question answering system over linked data},
  publisher = {CLEF},
  language = {en},
  address = {In}
}
@incollection{unknown2016a,
  title = {Pouran-ebn veyseh A},
  date = {2016},
  note = {In: ESWC. to appear},
  source = {Cross-lingual question answering using profile HMM & unified semantic space},
  language = {fr}
}
@book{pradel2012a,
  author = {Pradel, C. and Haemmerlé, O. and Hernandez, N.},
  date = {2012},
  title = {A semantic web interface using patterns: the SWIP system. In: Graph structures for knowledge representation and reasoning},
  publisher = {Springer},
  language = {en}
}
@article{reddy2014a,
  author = {Reddy, S. and Lapata, M. and Steedman, M.},
  date = {2014},
  title = {Large-scale semantic parsing without question-answer pairs},
  journal = {Trans Assoc Comput Linguist},
  pages = {377–392},
  volume = {2},
  language = {en}
}
@article{reddy2016a,
  author = {Reddy, S. and Täckström, O. and Collins, M. and Kwiatkowski, T. and Das, D. and Steedman, M. and Lapata, M.},
  date = {2016},
  title = {Transforming dependency structures to logical forms for semantic parsing},
  journal = {Trans Assoc Comput Linguist},
  pages = {127–140},
  volume = {4},
  language = {en}
}
@book{ruseti2015a,
  author = {Ruseti, S. and Mirea, A. and Rebedea, T. and Trausan-Matu, S.},
  date = {2015},
  title = {QAnswer-enhanced entity matching for question answering over linked data},
  publisher = {CLEF (Working Notes), CLEF},
  language = {en},
  address = {In}
}
@misc{shekarpour2015a,
  author = {Shekarpour, S. and Marx, E. and Ngomo, A.-C.N. and Auer, S.},
  date = {2015},
  title = {Sina: semantic interpretation of user queries for question answering on interlinked data. Web Semant Sci Serv Agents World Wide Web 30(Supplement C):39–51},
  doi = {doi: 10.1016/j.websem.2014.06.002},
  language = {en}
}
@book{song2015a,
  author = {Song, D. and Schilder, F. and Smiley, C. and Brew, C. and Zielund, T. and Bretz, H. and Martin, R. and Dale, C. and Duprey, J. and Miller, T.},
  date = {2015},
  title = {TR discover: a natural language interface for querying and analyzing interlinked datasets. In: The semantic web-ISWC},
  publisher = {Springer},
  more-authors = {true},
  language = {en}
}
@misc{ture2016a,
  author = {Ture, F. and Jojic, O.},
  date = {2016},
  title = {Simple and effective question answering with recurrent neural networks},
  note = {arXiv preprint arXiv:1606.05029},
  language = {en}
}
@inproceedings{unger2012a,
  author = {Unger, C. and Bühmann, L. and Lehmann, J. and Ngonga Ngomo, A.-C. and Gerber, D. and Cimiano, P.},
  date = {2012},
  title = {Template-based question answering over RDF data},
  booktitle = {Proceedings of the 21st international conference on world wide web, ACM},
  pages = {639–648},
  language = {en}
}
@misc{unger2014a,
  author = {Unger, C. and Forascu, C. and Lopez, V. and A-CN., Ngomo and Cabrio, E. and Cimiano, P. and Walter, S.},
  date = {2014},
  title = {Question answering over linked data (QALD-4). In: Working notes for CLEF 2014 conference},
  language = {en}
}
@incollection{unger2015a,
  author = {Unger, C. and Forascu, C. and Lopez},
  title = {V, Ngomo A-CN, Cabrio E, Cimiano P},
  publisher = {Walter S},
  date = {2015},
  source = {Answering over linked data (QALD-5). In: Working notes for CLEF 2015 conference},
  language = {es}
}
@misc{unger-a,
  author = {Unger, C.},
  title = {Ngomo A-CN, Cabrio E, Cimiano (2016) 6th open challenge on question answering over linked data (QALD-6). In: The semantic web},
  note = {ESWC 2016 challenges},
  language = {en}
}
@book{usbeck2015a,
  author = {Usbeck, R. and Ngomo, A.-C.N. and Bühmann, L. and Unger, C.},
  date = {2015},
  title = {HAWK–hybrid question answering using linked data. In: The semantic web. Latest advances and new domains},
  publisher = {Springer},
  language = {en}
}
@book{walter2014a,
  author = {Walter, S. and Unger, C. and Cimiano, P.},
  date = {2014},
  title = {M-ATOLL: a framework for the lexicalization of ontologies in multiple languages. In: The semantic web–ISWC},
  publisher = {Springer},
  language = {en}
}
@book{walter2012a,
  author = {Walter, S. and Unger, C. and Cimiano, P. and Bär, D.},
  date = {2012},
  title = {Evaluation of a layered approach to question answering over linked data. In: The semantic web–ISWC},
  publisher = {Springer},
  language = {da}
}
@book{wang2014a,
  author = {Wang, Z. and Yan, S. and Wang, H. and Huang, X.},
  date = {2014},
  title = {An overview of microsoft deep qa system on stanford webquestions benchmark},
  publisher = {Microsoft Research},
  language = {en},
  type = {Technical report, Technical report}
}
@inproceedings{wu2010a,
  author = {Wu, F. and Weld, D.S.},
  date = {2010},
  title = {Open information extraction using Wikipedia},
  booktitle = {Proceedings of the 48th annual meeting of the association for computational linguistics, association for computational linguistics},
  language = {en}
}
@incollection{xu2014a,
  author = {Xu, K. and Feng, Y. and Zhao, D.},
  date = {2014},
  title = {Xser@ QALD-4: answering natural language questions via phrasal semantic parsing},
  booktitle = {Natural Language Processing and Chinese Computing},
  publisher = {Springer},
  pages = {333–344},
  language = {pt}
}
@inproceedings{yahya-a,
  author = {Yahya, M. and Berberich, K. and Elbassuoni, S. and Ramanath, M.},
  title = {Tresp V, Weikum G (2012) Natural language questions for the web of data},
  booktitle = {Proceedings of the 2012 joint conference on empirical methods in natural language processing and computational natural language learning, association for computational linguistics},
  language = {en}
}
@inproceedings{yahya2013a,
  author = {Yahya, M. and Berberich, K. and Elbassuoni, S. and Weikum, G.},
  date = {2013},
  title = {Robust question answering over the web of linked data},
  booktitle = {Proceedings of the 22nd ACM international conference on conference on information & knowledge management, ACM},
  language = {en}
}
@book{yang2014a,
  author = {Yang, M.-C. and Duan, N. and Zhou, M. and Rim, H.-C.},
  date = {2014},
  title = {Joint relational embeddings for knowledge-based question answering},
  publisher = {EMNLP},
  language = {en},
  address = {In}
}
@article{yang2015a,
  author = {Yang, M.-C. and Lee, D.-G. and Park, S.-Y. and Rim, H.-C.},
  date = {2015},
  title = {Knowledge-based question answering using the semantic embedding space},
  journal = {Exp Syst Appl},
  volume = {23},
  doi = {doi: 10.1016/j.eswa.2015.07.009},
  number = {9086–9104},
  language = {en}
}
@book{yao2015a,
  author = {Yao, X.},
  date = {2015},
  title = {Lean question answering over freebase from scratch},
  publisher = {HLT-NAACL},
  language = {en},
  address = {In}
}
@incollection{yao2014a,
  author = {Yao, X. and Van Durme, B.},
  date = {2014},
  title = {Information extraction over structured data: question answering with freebase},
  booktitle = {ACL (1), Citeseer},
  language = {en}
}
@inproceedings{yates2007a,
  author = {Yates, A. and Cafarella, M. and Banko, M. and Etzioni, O. and Broadhead, M. and Soderland, S.},
  date = {2007},
  title = {Textrunner: open information extraction on the web},
  booktitle = {Proceedings of human language technologies: the annual conference of the north american chapter of the association for computational linguistics: demonstrations, association for computational linguistics},
  language = {en}
}
@incollection{yavuz2016a,
  author = {Yavuz, S.},
  note = {Gur I, Su Y, Srivatsa M, Yan X},
  date = {2016},
  title = {Improving semantic parsing via answer type inference},
  booktitle = {EMNLP},
  pages = {149–159},
  language = {en}
}
@article{w2015a,
  author = {W.-T., Yih S. and M-W., Chang and X, He and J, Gao},
  date = {2015},
  title = {Semantic parsing via staged query graph generation: question answering with knowledge base},
  booktitle = {Proceedings of the 53rd annual meeting of the association for computational linguistics and the 7th International joint conference on natural language processing},
  volume = {1},
  journal = {Association for Computational Linguistics},
  pages = "pp 1321–1331." # "10.3115/v1/P15-1128",
  doi = {doi},
  source = {long papers},
  unmatched-pages = {10.3115/v1/P15-1128},
  language = {en},
  address = {Beijing}
}
@book{yih2016a,
  author = {Yih, W.-T. and Richardson, M. and Meek, C. and Chang, M.-W. and Suh, J.},
  date = {2016},
  title = {The value of semantic parse labeling for knowledge base question answering},
  publisher = {ACL},
  language = {en},
  address = {In}
}
@misc{yin2016a,
  author = {Yin, W. and Yu, M. and Xiang, B. and Zhou, B. and Schütze, H.},
  date = {2016},
  title = {Simple question answering by attentive convolutional neural network},
  note = {arXiv preprint arXiv:1606.03391},
  language = {en}
}
@inproceedings{yosef2011a,
  author = {Yosef, M.A. and Hoffart, J. and Bordino, I. and Spaniol, M. and Weikum, G.},
  date = {2011},
  title = {Aida: An online tool for accurate disambiguation of named entities in text and tables},
  booktitle = {Proceedings of the VLDB},
  language = {en}
}
@misc{s2012a,
  author = {S., Zettlemoyer L. and M, Collins},
  date = {2012},
  title = {Learning to map sentences to logical form: Structured classification with probabilistic categorial grammars},
  note = {arXiv preprint arXiv:1207.1420},
  language = {en}
}
@misc{zhang2016a,
  author = {Zhang, Y. and Liu, K. and He, S. and Ji, G. and Liu, Z. and Wu, H. and Zhao, J.},
  date = {2016},
  title = {Question answering over knowledge base with neural attention combining global knowledge information},
  note = {arXiv preprint arXiv:1606.00979},
  language = {en}
}
@inproceedings{zhange2016a,
  author = {Zhange, Y. and He, S. and Liu, K. and Zhao, J.},
  date = {2016},
  title = {A joint model for question answering over multiple knowledge bases},
  booktitle = {Proceedings of the Thirtieth AAAI Conference on Artificial Intelligence},
  publisher = {AAAI Press},
  pages = {3094–3100},
  language = {en},
  address = {Phoenix}
}
@misc{zhu-a,
  author = {Zhu, C. and Ren, K. and Liu, X. and Wang, H.},
  title = {Tian Y, Yu Y (2015) A graph traversal based approach to answer non-aggregation questions over DBpedia},
  note = {arXiv preprint arXiv:1510.04780},
  language = {it}
}
@inproceedings{zou2014a,
  author = {Zou, L. and Huang, R. and Wang, H. and Yu, J.X. and He, W. and Zhao, D.},
  date = {2014},
  title = {Natural language question answering over RDF: a graph data driven approach},
  booktitle = {Proceedings of the 2014 ACM SIGMOD international conference on Management of data, ACM},
  language = {en}
}
